% These references are just instance BibTeX items, and they have been selected 
% from Google Scholar arbitrarily.

@book{torvalds2001just,
  title={Just for fun},
  author={Torvalds, Linus and Diamond, David},
  year={2001},
  publisher={Harper Audio}
}

@book{kopka2004guide,
  title={Guide to LATEX},
  author={Kopka, Helmut and Daly, Patrick W and Rahtz, SPQ},
  volume={4},
  year={2004},
  publisher={Addison-Wesley Boston, MA}
}

@article{yakaryilmaz2011unbounded,
  title={Unbounded-error quantum computation with small space bounds},
  author={Yakary{\i}lmaz, Abuzer and Say, AC Cem},
  journal={Information and Computation},
  volume={209},
  number={6},
  pages={873--892},
  year={2011},
  publisher={Elsevier}
}

@article{bernstein2019fast,
  title={Fast constant-time gcd computation and modular inversion},
  author={Bernstein, Daniel J and Yang, Bo-Yin},
  journal={IACR transactions on cryptographic hardware and embedded systems},
  pages={340--398},
  year={2019}
}

@article{almheiri2021entropy,
  title={The entropy of Hawking radiation},
  author={Almheiri, Ahmed and Hartman, Thomas and Maldacena, Juan and Shaghoulian, Edgar and Tajdini, Amirhossein},
  journal={Reviews of Modern Physics},
  volume={93},
  number={3},
  pages={035002},
  year={2021},
  publisher={APS}
}
